@Article{scrucca_et_al_2017,
    title = {mclust 5: clustering, classification and density
      estimation using {G}aussian finite mixture models},
    author = {Luca Scrucca and Michael Fop and Thomas Brendan Murphy
      and Adrian E. Raftery},
    journal = {The R Journal},
    year = {2017},
    volume = {8},
    number = {1},
    pages = {205--233},
    url =
      {https://journal.r-project.org/archive/2017/RJ-2017-008/RJ-2017-008.pdf},
}

@article{muthen_et_al_2017,
  title={Mplus Userâ€™s Guide (8th ed.)},
  author={Muthen, LK and Muthen, BO},
  journal={Muthen \& Muthen},
  year={2017}
}

@Article{hallquist_et_al_2018,
    title = {{MplusAutomation}: An {R} Package for Facilitating
      Large-Scale Latent Variable Analyses in {Mplus}},
    author = {Michael N. Hallquist and Joshua F. Wiley},
    journal = {Structural Equation Modeling},
    year = {2018},
    pages = {1--18},
    doi = {10.1080/10705511.2017.1402334},
    url =
      {http://www.tandfonline.com/doi/full/10.1080/10705511.2017.1402334},
}
